% Related work material

@article{DBLP:journals/corr/HandC16,
  author       = {Emily M. Hand and
                  Rama Chellappa},
  title        = {Attributes for Improved Attributes: {A} Multi-Task Network for Attribute
                  Classification},
  journal      = {CoRR},
  volume       = {abs/1604.07360},
  year         = {2016},
  url          = {http://arxiv.org/abs/1604.07360},
  eprinttype    = {arXiv},
  eprint       = {1604.07360},
  timestamp    = {Mon, 13 Aug 2018 16:47:02 +0200},
  biburl       = {https://dblp.org/rec/journals/corr/HandC16.bib},
  bibsource    = {dblp computer science bibliography, https://dblp.org}
}

@article{DBLP:journals/corr/GuntherRB16,
  author       = {Manuel G{\"{u}}nther and
                  Andras Rozsa and
                  Terrance E. Boult},
  title        = {{AFFACT} - Alignment Free Facial Attribute Classification Technique},
  journal      = {CoRR},
  volume       = {abs/1611.06158},
  year         = {2016},
  url          = {http://arxiv.org/abs/1611.06158},
  eprinttype    = {arXiv},
  eprint       = {1611.06158},
  timestamp    = {Mon, 13 Aug 2018 16:46:50 +0200},
  biburl       = {https://dblp.org/rec/journals/corr/GuntherRB16.bib},
  bibsource    = {dblp computer science bibliography, https://dblp.org}
}

@article{DBLP:journals/corr/HanJSC17,
  author       = {Hu Han and
                  Anil K. Jain and
                  Shiguang Shan and
                  Xilin Chen},
  title        = {Heterogeneous Face Attribute Estimation: {A} Deep Multi-Task Learning
                  Approach},
  journal      = {CoRR},
  volume       = {abs/1706.00906},
  year         = {2017},
  url          = {http://arxiv.org/abs/1706.00906},
  eprinttype    = {arXiv},
  eprint       = {1706.00906},
  timestamp    = {Thu, 02 Dec 2021 17:27:17 +0100},
  biburl       = {https://dblp.org/rec/journals/corr/HanJSC17.bib},
  bibsource    = {dblp computer science bibliography, https://dblp.org}
}

@article{DBLP:journals/corr/abs-2002-03683,
  author       = {Longbiao Mao and
                  Yan Yan and
                  Jing{-}Hao Xue and
                  Hanzi Wang},
  title        = {Deep Multi-task Multi-label {CNN} for Effective Facial Attribute Classification},
  journal      = {CoRR},
  volume       = {abs/2002.03683},
  year         = {2020},
  url          = {https://arxiv.org/abs/2002.03683},
  eprinttype    = {arXiv},
  eprint       = {2002.03683},
  timestamp    = {Wed, 12 Feb 2020 16:38:55 +0100},
  biburl       = {https://dblp.org/rec/journals/corr/abs-2002-03683.bib},
  bibsource    = {dblp computer science bibliography, https://dblp.org}
}

@article{DBLP:journals/corr/abs-2010-11929,
  author       = {Alexey Dosovitskiy and
                  Lucas Beyer and
                  Alexander Kolesnikov and
                  Dirk Weissenborn and
                  Xiaohua Zhai and
                  Thomas Unterthiner and
                  Mostafa Dehghani and
                  Matthias Minderer and
                  Georg Heigold and
                  Sylvain Gelly and
                  Jakob Uszkoreit and
                  Neil Houlsby},
  title        = {An Image is Worth 16x16 Words: Transformers for Image Recognition
                  at Scale},
  journal      = {CoRR},
  volume       = {abs/2010.11929},
  year         = {2020},
  url          = {https://arxiv.org/abs/2010.11929},
  eprinttype    = {arXiv},
  eprint       = {2010.11929},
  timestamp    = {Fri, 20 Nov 2020 14:04:05 +0100},
  biburl       = {https://dblp.org/rec/journals/corr/abs-2010-11929.bib},
  bibsource    = {dblp computer science bibliography, https://dblp.org}
}

@article{DBLP:journals/corr/abs-2103-14030,
  author       = {Ze Liu and
                  Yutong Lin and
                  Yue Cao and
                  Han Hu and
                  Yixuan Wei and
                  Zheng Zhang and
                  Stephen Lin and
                  Baining Guo},
  title        = {Swin Transformer: Hierarchical Vision Transformer using Shifted Windows},
  journal      = {CoRR},
  volume       = {abs/2103.14030},
  year         = {2021},
  url          = {https://arxiv.org/abs/2103.14030},
  eprinttype    = {arXiv},
  eprint       = {2103.14030},
  timestamp    = {Mon, 05 Jun 2023 16:18:23 +0200},
  biburl       = {https://dblp.org/rec/journals/corr/abs-2103-14030.bib},
  bibsource    = {dblp computer science bibliography, https://dblp.org}
}

@misc{liu2022transfa,
      title={TransFA: Transformer-based Representation for Face Attribute Evaluation}, 
      author={Decheng Liu and Weijie He and Chunlei Peng and Nannan Wang and Jie Li and Xinbo Gao},
      year={2022},
      eprint={2207.05456},
      archivePrefix={arXiv},
      primaryClass={cs.CV}
}

@article{li2022efficientformer,
  title={Efficientformer: Vision transformers at mobilenet speed},
  author={Li, Yanyu and Yuan, Geng and Wen, Yang and Hu, Ju and Evangelidis, Georgios and Tulyakov, Sergey and Wang, Yanzhi and Ren, Jian},
  journal={Advances in Neural Information Processing Systems},
  volume={35},
  pages={12934--12949},
  year={2022}
}

@inproceedings{li2022rethinking,
  title={Rethinking Vision Transformers for MobileNet Size and Speed},
  author={Li, Yanyu and Hu, Ju and Wen, Yang and Evangelidis, Georgios and Salahi, Kamyar and Wang, Yanzhi and Tulyakov, Sergey and Ren, Jian},
  booktitle={Proceedings of the IEEE international conference on computer vision},
  year={2023}
}

@misc{ma2024era,
      title={The Era of 1-bit LLMs: All Large Language Models are in 1.58 Bits}, 
      author={Shuming Ma and Hongyu Wang and Lingxiao Ma and Lei Wang and Wenhui Wang and Shaohan Huang and Li Dong and Ruiping Wang and Jilong Xue and Furu Wei},
      year={2024},
      eprint={2402.17764},
      archivePrefix={arXiv},
      primaryClass={cs.CL}
}

% Other material

% ReLU
@article{DBLP:journals/corr/abs-1803-08375,
  author       = {Abien Fred Agarap},
  title        = {Deep Learning using Rectified Linear Units (ReLU)},
  journal      = {CoRR},
  volume       = {abs/1803.08375},
  year         = {2018},
  url          = {http://arxiv.org/abs/1803.08375},
  eprinttype    = {arXiv},
  eprint       = {1803.08375},
  timestamp    = {Mon, 13 Aug 2018 16:47:13 +0200},
  biburl       = {https://dblp.org/rec/journals/corr/abs-1803-08375.bib},
  bibsource    = {dblp computer science bibliography, https://dblp.org}
}

% AdamW
@article{DBLP:journals/corr/abs-1711-05101,
  author       = {Ilya Loshchilov and
                  Frank Hutter},
  title        = {Fixing Weight Decay Regularization in Adam},
  journal      = {CoRR},
  volume       = {abs/1711.05101},
  year         = {2017},
  url          = {http://arxiv.org/abs/1711.05101},
  eprinttype    = {arXiv},
  eprint       = {1711.05101},
  timestamp    = {Mon, 13 Aug 2018 16:48:18 +0200},
  biburl       = {https://dblp.org/rec/journals/corr/abs-1711-05101.bib},
  bibsource    = {dblp computer science bibliography, https://dblp.org}
}

% CNN
@article{DBLP:journals/corr/OSheaN15,
  author       = {Keiron O'Shea and
                  Ryan Nash},
  title        = {An Introduction to Convolutional Neural Networks},
  journal      = {CoRR},
  volume       = {abs/1511.08458},
  year         = {2015},
  url          = {http://arxiv.org/abs/1511.08458},
  eprinttype    = {arXiv},
  eprint       = {1511.08458},
  timestamp    = {Mon, 13 Aug 2018 16:46:52 +0200},
  biburl       = {https://dblp.org/rec/journals/corr/OSheaN15.bib},
  bibsource    = {dblp computer science bibliography, https://dblp.org}
}

% Transformer architecture
@article{DBLP:journals/corr/VaswaniSPUJGKP17,
  author       = {Ashish Vaswani and
                  Noam Shazeer and
                  Niki Parmar and
                  Jakob Uszkoreit and
                  Llion Jones and
                  Aidan N. Gomez and
                  Lukasz Kaiser and
                  Illia Polosukhin},
  title        = {Attention Is All You Need},
  journal      = {CoRR},
  volume       = {abs/1706.03762},
  year         = {2017},
  url          = {http://arxiv.org/abs/1706.03762},
  eprinttype    = {arXiv},
  eprint       = {1706.03762},
  timestamp    = {Sat, 23 Jan 2021 01:20:40 +0100},
  biburl       = {https://dblp.org/rec/journals/corr/VaswaniSPUJGKP17.bib},
  bibsource    = {dblp computer science bibliography, https://dblp.org}
}
